<record><leader>00000cas a22000007a 4500</leader><controlfield tag="001">15730525</controlfield><controlfield tag="008">870526d18831884inudn ne      0    0eng d</controlfield><datafield ind1=" " ind2=" " tag="010"><subfield code="a">sn 87056016 </subfield></datafield><datafield ind1=" " ind2=" " tag="040"><subfield code="a">NPI</subfield><subfield code="b">eng</subfield><subfield code="c">NPI</subfield><subfield code="d">OCLCQ</subfield></datafield><datafield ind1=" " ind2=" " tag="042"><subfield code="a">msc</subfield></datafield><datafield ind1="0" ind2=" " tag="130"><subfield code="a">Elkhart daily journal (Elkhart, Ind. : 1883)</subfield></datafield><datafield ind1="1" ind2="0" tag="245"><subfield code="a">Elkhart daily journal.</subfield></datafield><datafield ind1=" " ind2=" " tag="260"><subfield code="a">Elkhart, Ind. :</subfield><subfield code="b">[s.n.]</subfield></datafield><datafield ind1=" " ind2=" " tag="310"><subfield code="a">Daily (except Sun.)</subfield></datafield><datafield ind1="1" ind2=" " tag="362"><subfield code="a">Began with Mar. 19, 1883 issue; ceased in 1884?</subfield></datafield><datafield ind1=" " ind2=" " tag="580"><subfield code="a">Weekly ed. : Elkhart County journal.</subfield></datafield><datafield ind1=" " ind2=" " tag="588"><subfield code="a">Description based on: Vol. 1, no. 13 (Apr. 2, 1883).</subfield></datafield><datafield ind1=" " ind2=" " tag="752"><subfield code="a">United States</subfield><subfield code="b">Indiana</subfield><subfield code="c">Elkhart</subfield><subfield code="d">Elkhart.</subfield></datafield><datafield ind1="1" ind2=" " tag="775"><subfield code="t">Elkhart County journal</subfield><subfield code="w">(DLC)sn 87056018</subfield></datafield></record>